% This file was created with JabRef 2.7.
% Encoding: Cp1252

@IEEEtranBSTCTL{IEEEexample:BSTcontrol,
  CTLuse_forced_etal       = "yes",
  CTLmax_names_forced_etal = "3",
  CTLnames_show_etal       = "2",
	CTLdash_repeated_names = "no"
}

@INPROCEEDINGS{workloadOpt2,
  author = {Stefan Krompass and Daniel Gmach and Andreas Scholz and Stefan Seltzsam
	and Alfons Kemper},
  title = {Quality of Service Enabled Database Applications},
  booktitle = {ICSOC},
  year = {2006},
  pages = {215-226},
  bibsource = {DBLP, http://dblp.uni-trier.de},
  crossref = {DBLP:conf/icsoc/2006},
  ee = {http://dx.doi.org/10.1007/11948148_18},
  interhash = {f00f7ee23ed674143d311c43661c0063},
  intrahash = {814cd9dacdda3c208157ac9f526fbfc0}
}

@INPROCEEDINGS{cloud,
  author = {Lenk A. and Klems M. and Nimis J and et al.},
  title = {What's Inside the Cloud? An Architectural Map of Cloud Landscape},
  booktitle = {Proceedings of ACM/IEEE Symposium on Cloud Computing Challenges},
  year = {2009},
  pages = {23-31},
  month = {May}
}

@MISC{adobe:flash,
  author = {Adobe},
  title = {{Adobe Flash Player}},
  organization = {Adobe},
  note = {[Accessed: September 2010]},
  url = {http://www.adobe.com/products/flashplayer/}
}

@electronic{software:jgroups,
  author = {JGroups},
  title = {{JGroups - A Toolkit for Reliable Multicast Communication}},
  organization = {JGroups},
	year = {2013},
	url = {http://www.jgroups.org/}
}

@MISC{adobe:rtmpspec,
  author = {Adobe},
  title = {{Real-Time Messaging Protocol (RTMP) Specification 1.0}},
  organization = {Adobe},
  note = {[Accessed: September 2010]},
  url = {http://www.adobe.com/devnet/rtmp/pdf/rtmp_specification_1.0.pdf}
}

@BOOK{statmechcomplexnetwork,
  title = {Statistical mechanics of complex networks},
  publisher = {Reviews of Modern Physics},
  year = {2002},
  author = {Albert, Reka and Barabasi, Albert-Laszlo}
}

@INPROCEEDINGS{related:decision:cost,
  author = {Wael Hosny Fouad Aly and Hanan Lutfiyya},
  title = {Feedback Control Theoretic Technique for Data Centers},
  booktitle = {ICAS '07: Proceedings of the Third International Conference on Autonomic
	and Autonomous Systems},
  year = {2007},
  pages = {38},
  address = {Washington, DC, USA},
  publisher = {IEEE Computer Society},
  doi = {http://dx.doi.org/10.1109/CONIELECOMP.2007.75},
  isbn = {0-7695-2859-5}
}

@ARTICLE{related:model:lqm2,
  author = {Ardagna, Danilo and Trubian, Marco and Zhang, Li},
  title = {{SLA} based resource allocation policies in autonomic environments},
  journal = {Journal of Parallel and Distributed Computing},
  year = {2007},
  volume = {67},
  pages = {259--270},
  number = {3},
  address = {Orlando, FL, USA},
  doi = {http://dx.doi.org/10.1016/j.jpdc.2006.10.006},
  issn = {0743-7315},
  publisher = {Academic Press, Inc.}
}

@BOOK{ashby:homeostat,
  title = {Design for a brain},
  publisher = {Wiley New York},
  year = {1954},
  author = {William Ross Ashby}
}

@MISC{ml:uci,
  author = {A. Asuncion and D.J. Newman},
  title = {{UCI} Machine Learning Repository},
  year = {2007},
  note = {[Accessed: May 2009]},
  institution = {University of California, Irvine, School of Information and Computer
	Sciences},
  url = {http://www.ics.uci.edu/~mlearn/MLRepository.html}
}

@INPROCEEDINGS{background:buffer,
  author = {BenMohamed, L. and Meerkov, S.M.},
  title = {Feedback control of congestion in store-and-forward datagram networks:
	the case of a single congested node},
  booktitle = {Decision and Control, 1992., Proceedings of the 31st IEEE Conference
	on},
  year = {1992},
  volume = {1},
  pages = {991-996},
  keywords = {closed loop systems, feedback, multiplexing, stability, telecommunication
	traffic, telecommunications controlasymptotic stability, closed-loop
	system, congestion control, controller gains, rate-based feedback
	approach, single congested node, store-and-forward datagram networks}
}

@INPROCEEDINGS{related:mlac,
  author = {Bod\'{\i}k, Peter and Griffith, Rean and Sutton, Charles and Fox,
	Armando and Jordan, Michael and Patterson, David},
  title = {Statistical machine learning makes automatic control practical for
	internet datacenters},
  booktitle = {Proceedings of the 2009 conference on Hot topics in cloud computing},
  year = {2009},
  series = {HotCloud'09},
  address = {Berkeley, CA, USA},
  publisher = {USENIX Association},
  articleno = {12},
  location = {San Diego, California},
}

@BOOK{burns1996,
  title = {Real-Time Systems and Programming Languages},
  publisher = {Addison-Wesley},
  year = {1996},
  author = {Burns, Alan},
  address = {Boston},
  isbn = {020140365X}
}

@INPROCEEDINGS{antalgorithm,
  author = {Chu, Chao-Hsien and Gu, JunHua and Gu, Qijun},
  title = {A heuristic ant algorithm for solving QoS multicast routing problem},
  booktitle = {CEC '02: Proceedings of the Evolutionary Computation on 2002. CEC
	'02. Proceedings of the 2002 Congress},
  year = {2002},
  pages = {1630--1635},
  address = {Washington, DC, USA},
  publisher = {IEEE Computer Society},
  isbn = {0-7803-7282-4}
}

@INPROCEEDINGS{gadea:watchtogether,
  author = {Dagher, R. and Gadea, C. and Ionescu, B. and Ionescu, D. and Tropper,
	R.},
  title = {A {SIP} Based {P2P} Architecture for Social Networking Multimedia},
  year = {2008},
  pages = {187 -193},
  month = {oct.},
  doi = {10.1109/DS-RT.2008.52},
  issn = {1550-6525},
  journal = {Distributed Simulation and Real-Time Applications, 2008. DS-RT 2008.
	12th IEEE/ACM International Symposium on},
  keywords = {P2P architecture;SIP;Web applications;cloud architecture;collaborative
	workspace;distributed computing;social networking multimedia;distributed
	processing;groupware;peer-to-peer computing;social networking (online);}
}

@BOOK{GBDantzig,
  title = {Linear Programming and Extensions},
  publisher = {Princeton University Press},
  year = {1998},
  author = {George B. Dantzig},
  address = {Princeton}
}

@INPROCEEDINGS{related:architecture:selflet,
  author = {Devescovi, Davide and Di Nitto, Elisabetta and Mirandola, Raffaela},
  title = {An infrastructure for autonomic system development: the selflet approach},
  booktitle = {ASE '07: Proceedings of the twenty-second IEEE/ACM international
	conference on Automated software engineering},
  year = {2007},
  pages = {449--452},
  address = {New York, NY, USA},
  publisher = {ACM},
  doi = {http://doi.acm.org/10.1145/1321631.1321706},
  isbn = {978-1-59593-882-4},
  location = {Atlanta, Georgia, USA}
}

@INPROCEEDINGS{dies03,
  author = {Yixin Diao and Frank Eskesen and Steven Froehlich and Joseph L. Hellerstein
	and Lisa F. Spainhower and Maheswaran Surendra},
  title = {Generic Online Optimization of Multiple Configuration Parameters
	with Application to a Database Server},
  booktitle = {Proc. 14th IFIP/IEEE International Workshop on Distributed Systems:
	Operations and Management (DSOM)},
  year = {2003},
  number = {2867},
  series = {Lecture Notes in Computer Science},
  pages = {3-15},
  publisher = {Springer-Verlag},
  annote = {A generic approach to feedback of control of systems based on the
	Nelder-Mead simplex method. Application is to buffer pool configuration.},
  class = {dbcontrol}
}

@MISC{1987crash,
  author = {Mark Doser},
  month = {March},
  year = {1997},
  title = {Black Monday: The Stock Market Crash of 1987},
  note = {[Accessed: May 2009]},
  url = {http://www.newlearner.com/courses/hts/bec4a/ecoho16.htm}
}

@BOOK{Douglass03real-timedesign,
  title = {Real-Time Design Patterns},
  publisher = {Addison-Wesley},
  year = {2003},
  author = {Bruce Powel Douglass}
}

@INPROCEEDINGS{martin:workloadClassification,
  author = {Elnaffar, Said and Martin, Pat and Horman, Randy},
  title = {Automatically classifying database workloads},
  booktitle = {CIKM '02: Proceedings of the eleventh international conference on
	Information and knowledge management},
  year = {2002},
  pages = {622--624},
  address = {New York, NY, USA},
  publisher = {ACM},
  doi = {http://doi.acm.org/10.1145/584792.584898},
  isbn = {1-58113-492-4},
  location = {McLean, Virginia, USA}
}

@INPROCEEDINGS{martin:workloadCASCON,
  author = {Elnaffar, Said S.},
  title = {A methodology for auto-recognizing {DBMS} workloads},
  booktitle = {CASCON '02: Proceedings of the 2002 conference of the Centre for
	Advanced Studies on Collaborative research},
  year = {2002},
  pages = {2},
  publisher = {IBM Press},
  location = {Toronto, Ontario, Canada}
}

@MISC{product:evo,
  author = {Enigmatec},
  title = {{Enigmatec Virtual Orchestrator}},
  organization = {Enigmatec},
  note = {[Accessed: May 2009]},
  url = {http://www.enigmatec.com/products/enigmatec_virtual_orchestrator}
}

@MISC{cloud:eucalyptus,
  author = {EucalyptusSystems},
  title = {{Eucalyptus Cloud Computing}},
  organization = {Eucalyptus Systems},
  note = {[Accessed: September 2010]},
  url = {http://www.eucalyptus.com/}
}

@MISC{cloud:openstack,
  author = {OpenStack},
  title = {{OpenStack Cloud Software}},
  organization = {OpenStack},
  note = {[Accessed: January 2013]},
	year = {2013},
  url = {http://www.openstack.org/},
  howpublished = "\url{http://www.openstack.org/}"
}

@MISC{red5,
  author = {Red5},
  title = {{Red5 Media Server}},
  organization = {Red5},
	year = {2013},
  note = {[Accessed: January 2013]},
  url = {http://www.red5.org/},
  howpublished="\url{http://www.red5.org/}"
}

@MISC{serverUtil1,
  author = {Harry J Foxwell},
  month = {March},
  year = {2007},
  title = {Virtualization: What's Old is New Again},
  organization = {Sun Microsystems},
  note = {[Accessed: May 2009]},
  url = {http://regions.cmg.org/regions/ncacmg/downloads/mar082007\_session1.pdf}
}

@ARTICLE{related:architecture:autonomicelement,
  author = {M. Muztaba Fuad and Michael J Oudshoorn},
  title = {System Architecture of an Autonomic Element},
  journal = {Fourth IEEE International Workshop on Engineering of Autonomic and
	Autonomous Systems},
  year = {2007},
  pages = {89-93},
  month = {March}
}

@INPROCEEDINGS{related:mldb,
  author = {Ganapathi, Archana and Kuno, Harumi and Dayal, Umeshwar and Wiener,
	Janet L. and Fox, Armando and Jordan, Michael and Patterson, David},
  title = {Predicting Multiple Metrics for Queries: Better Decisions Enabled
	by Machine Learning},
  booktitle = {Proceedings of the 2009 IEEE International Conference on Data Engineering},
  year = {2009},
  pages = {592--603},
  address = {Washington, DC, USA},
  publisher = {IEEE Computer Society},
  keywords = {operational business intelligence, database performance prediction,
	machine learning},
  numpages = {12},
}

@electronic{gat:robots,
  author = {Gat, E},
  title = {On Three-layer Architectures},
  year = {1998},
  organization = {Artificial Intelligence and Mobile Robots: Case Studies of Successful
	Robot Systems},
  url = {http://www.flownet.com/gat/papers/tla.pdf}
}

@INPROCEEDINGS{nonlinearident2,
  author = {Gorji, A.A. and Menhaj, M.B.},
  title = {Identification of nonlinear state space models using an MLP network
	trained by the EM algorithm},
  booktitle = {Neural Networks, 2008. IJCNN 2008. (IEEE World Congress on Computational
	Intelligence). IEEE International Joint Conference on},
  year = {2008},
  pages = {53-60},
  month = {June},
  doi = {10.1109/IJCNN.2008.4633766},
  issn = {1098-7576},
  keywords = {convergence of numerical methods, discrete time systems, expectation-maximisation
	algorithm, gradient methods, multilayer perceptrons, nonlinear systems,
	parameter estimation, state estimation, state-space methodsdiscrete
	time nonlinear state space system, expectation maximization algorithm,
	gradient method, identification, multi layer perceptron neural network,
	parameter estimation, particle smoothing algorithm, radial basis
	function, state estimation}
}

@ARTICLE{related:decision:control,
  author = {Anastasios Gounaris and Christos Yfoulis and Rizos Sakellariou and
	Marios D. Dikaiakos},
  title = {A control theoretical approach to self-optimizing block transfer
	in Web service grids},
  journal = {ACM Transactions on Autonomous and Adaptive Systems (TAAS)},
  year = {2008},
  volume = {3},
  pages = {1--30},
  number = {2},
  address = {New York, NY, USA},
  doi = {http://doi.acm.org/10.1145/1352789.1352791},
  issn = {1556-4665},
  publisher = {ACM}
}

@INPROCEEDINGS{background:fluidflow,
  author = {Guffens, V. and Bastin, G.},
  title = {Optimal adaptive feedback control of a network buffer},
  booktitle = {American Control Conference, 2005. Proceedings of the 2005},
  year = {2005},
  volume = {3},
  pages = {1835-1840},
  month = {June},
  doi = {10.1109/ACC.2005.1470235},
  issn = {0743-1619 },
  keywords = { adaptive control, feedback, optimal control, queueing theory, telecommunication
	control, telecommunication networks Pontryagin principle, general
	fluid flow model, network buffer, online identification scheme, optimal
	adaptive feedback control, queueing system, tail drop queueing policy}
}

@INPROCEEDINGS{background:fluidflow2,
  author = {Guffens, V. and Bastin, G. and Mounier, H.},
  title = {Using token leaky buckets for congestion feedback control in packet switched networks with guaranteed boundedness of buffer queues},
  booktitle = {Proceedings of European Control Conference (ECC)},
  year = {2003}  
}

@INPROCEEDINGS{workload:empirical,
  author = {Richard Hankins and Trung Diep and Murali Annavaram and Brian Hirano
	and Harald Eri and Hubert Nueckel and John P. Shen},
  title = {Scaling and Characterizing Database Workloads: Bridging the Gap between
	Research and Practice},
  booktitle = {in Proceedings of the 36th International Symposium on Microarchitecture},
  year = {2003},
  pages = {151--162}
}

@electronic{IBM:AutonomicManifesto,
  author = {Paul Horn},
  month = {October},
  year = {2001},
  title = {Autonomic Computing: {IBM}'s perspective on the State of Information
	Technology},
  organization = {IBM Corp.},
  url = {http://researchweb.watson.ibm.com/autonomic/}
}

@electronic{product:tio,
  author = {IBM},
  title = {{IBM - IBM Tivoli Intelligent Orchestrator - Tivoli Intelligent Orchestrator
	- Software}},
  organization = {IBM},
	year = {2013},
  url = {http://www-947.ibm.com/support/entry/portal/Overview/Software/Tivoli/Tivoli_Intelligent_Orchestrator}
}

@MISC{product:scalr,
  author = {Intridea},
  title = {{Scalr}},
  note = {[Accessed: May 2009]},
  organization = {Intridea},
  url = {https://scalr.net/}
}

@INPROCEEDINGS{bogdan:dmtfsvm,
  author = {Ionescu, D. and Solomon, B. and Litoiu, M. and Mihaescu, M.},
  title = {Web Service Distributed Management Framework for Autonomic Server
	Virtualization},
  booktitle = {SVM '08: Proceeding of the 2008 Systems and Virtualization Management.
	Standards and New Technologies},
  year = {2008},
  pages = {61-71},
  publisher = {Springer Berlin Heidelberg},
  doi = {10.1007/978-3-540-88708-9},
  issn = {978-3-540-88707-2}
}

@INPROCEEDINGS{bogdan:ines2008,
  author = {Ionescu, D. and Solomon, B. and Litoiu, M. and Mihaescu, M.},
  title = {A Robust Autonomic Computing Architecture for Server Virtualization},
  booktitle = {Intelligent Engineering Systems, 2008. INES 2008. International Conference
	on},
  year = {2008},
  pages = {173-180},
  month = {Feb.},
  doi = {10.1109/INES.2008.4481290},
  keywords = {computer architecture, fault tolerant computing, network servers,
	nonlinear systems, uncertain systemsadaptive technique, information
	technology infrastructure, nonlinear uncertain systems, robust autonomic
	computing architecture, server virtualization}
}

@INPROCEEDINGS{related:model:blackbox,
  author = {Ionescu, D. and Solomon, B. and Litoiu, M. and Mihaescu, M.},
  title = {A Robust Autonomic Computing Architecture for Server Virtualization},
  booktitle = {International Conference on Intelligent Engineering Systems, 2008.
	INES 2008.},
  year = {2008},
  pages = {173-180},
  month = {Feb.},
  doi = {10.1109/INES.2008.4481290},
  keywords = {computer architecture, fault tolerant computing, network servers,
	nonlinear systems, uncertain systemsadaptive technique, information
	technology infrastructure, nonlinear uncertain systems, robust autonomic
	computing architecture, server virtualization}
}

@electronic{standford:bayes,
  author = {James Joyce},
  month = {September},
  year = {2003},
  title = {Bayes' Theorem},
  organization = {Metaphysics Research Lab, CSLI, Stanford University},
  url = {http://plato.stanford.edu/entries/bayes-theorem/\#1}
}

@ARTICLE{kalman1960,
  author = {Kalman, Rudolph Emil},
  title = {A New Approach to Linear Filtering and Prediction Problems},
  journal = {Transactions of the ASME--Journal of Basic Engineering},
  year = {1960},
  volume = {82},
  pages = {35-45},
  number = {Series D}
}

@ARTICLE{related:decision:ml,
  author = {Kasten, E.P. and McKinley, P.K.},
  title = {{MESO}: Supporting Online Decision Making in Autonomic Computing
	Systems},
  journal = {Knowledge and Data Engineering, IEEE Transactions on},
  year = {2007},
  volume = {19},
  pages = {485-499},
  number = {4},
  month = {April },
  doi = {10.1109/TKDE.2007.1000},
  issn = {1041-4347},
  keywords = {data compression, data structures, decision making, distributed processing,
	learning (artificial intelligence), pattern classification, pattern
	clusteringMESO pattern classifier, autonomic computing systems, data
	compression, incremental learning, memory-efficient hierarchical
	data structure, multielement self-organising tree, online decision
	making, rapid incremental training, sensitivity spheres, small agglomerative
	clusters}
}

@INPROCEEDINGS{SOA:research,
  author = {Kontogiannis, Kostas and Lewis, Grace A. and Smith, Dennis B. and
	Litoiu, Marin and Muller, Hausi and Schuster, Stefan and Stroulia,
	Eleni},
  title = {The Landscape of Service-Oriented Systems: A Research Perspective},
  booktitle = {SDSOA '07: Proceedings of the International Workshop on Systems Development
	in SOA Environments},
  year = {2007},
  pages = {1},
  address = {Washington, DC, USA},
  publisher = {IEEE Computer Society},
  doi = {http://dx.doi.org/10.1109/SDSOA.2007.12},
  isbn = {0-7695-2960-7}
}

@INPROCEEDINGS{Kramer:hierarch,
  author = {Kramer, Jeff and Magee, Jeff},
  title = {Self-Managed Systems: an Architectural Challenge},
  booktitle = {2007 Future of Software Engineering},
  year = {2007},
  series = {FOSE '07},
  pages = {259--268},
  address = {Washington, DC, USA},
  publisher = {IEEE Computer Society},
  numpages = {10},
}

@MISC{alhpaworks:wsdmaboutwsdm,
  author = {Heather Kreger},
  title = {A little wisdom about {WSDM}},
  month = {March},
  year = {2005},
  note = {[Accessed: May 2009]},
  organization = {IBM},
  url = {http://www.ibm.com/developerworks/webservices/library/ws-wisdom/}
}

@INPROCEEDINGS{related:decision:goalmodel,
  author = {Alexei Lapouchnian and Yijun Yu and Sotirios Liaskos and John Mylopoulos},
  title = {Requirements-driven design of autonomic application software},
  booktitle = {CASCON '06: Proceedings of the 2006 conference of the Center for
	Advanced Studies on Collaborative research},
  year = {2006},
  pages = {7},
  address = {New York, NY, USA},
  publisher = {ACM},
  doi = {http://doi.acm.org/10.1145/1188966.1188976},
  location = {Toronto, Ontario, Canada}
}

@ARTICLE{SOA:composition,
  author = {Cheng-Liang Lin and Ting-Wei Hou and Tzu-Chiang Chiang and Cheng-Feng
	Tai},
  title = {Adaptive and intelligent path discovery on-demand for wireless networks
	using service composition},
  journal = {Expert Systems with Applications},
  year = {2009},
  volume = {36},
  pages = {8667 - 8675},
  number = {4},
  doi = {DOI: 10.1016/j.eswa.2008.10.046},
  issn = {0957-4174},
  keywords = {Route-composition discovery},
  url = {http://www.sciencedirect.com/science/article/B6V03-4TVTJHY-2/2/9634e4cde694857eea8980c0a1d5718f}
}

@ARTICLE{related:model:lqm,
  author = {Litoiu, Marin},
  title = {A performance analysis method for autonomic computing systems},
  journal = {ACM Transactions on Autonomous and Adaptive Systems (TAAS)},
  year = {2007},
  volume = {2},
  pages = {1--27},
  number = {1},
  address = {New York, NY, USA},
  doi = {http://doi.acm.org/10.1145/1216895.1216898},
  issn = {1556-4665},
  publisher = {ACM}
}

@INPROCEEDINGS{related:model:blackbox2,
  author = {Marin Litoiu and Mircea Mihaescu and Dan Ionescu and Bogdan Solomon},
  title = {Scalable adaptive web services},
  booktitle = {SDSOA '08: Proceedings of the 2nd international workshop on Systems
	development in SOA environments},
  year = {2008},
  pages = {47--52},
  address = {New York, NY, USA},
  publisher = {ACM},
  doi = {http://doi.acm.org/10.1145/1370916.1370928},
  isbn = {978-1-60558-029-6},
  location = {Leipzig, Germany}
}

@ARTICLE{related:architecture:hierarch2,
  author = {Litoiu, Marin and Woodside, Murray and Zheng, Tao},
  title = {Hierarchical model-based autonomic control of software systems},
  journal = {SIGSOFT Software Engineering Notes},
  year = {2005},
  volume = {30},
  pages = {1--7},
  number = {4},
  address = {New York, NY, USA},
  doi = {http://doi.acm.org/10.1145/1082983.1083071},
  issn = {0163-5948},
  publisher = {ACM}
}

@BOOK{ljung1983,
  title = {Theory and Practice of Recursive Identification},
  publisher = {MIT Press},
  year = {1983},
  author = {Ljung, Lennart},
  address = {Cambridge},
  isbn = {026212095X}
}

@INPROCEEDINGS{martin:workload2,
  author = {Martin, P. and Elnaffar, S. and Wasserman, T.},
  title = {Workload Models for Autonomic Database Management Systems},
  booktitle = {Autonomic and Autonomous Systems, 2006. ICAS '06. 2006 International
	Conference on},
  year = {2006},
  pages = {10-10},
  month = {July},
  doi = {10.1109/ICAS.2006.64},
  keywords = {database management systems, fault tolerant computingDBMS, autonomic
	computing, autonomic database management systems, workload models}
}

@ARTICLE{martin:bp3,
  author = {Martin, Patrick and Powley, Wendy and Zheng, Min and Romanufa, Keri},
  title = {Experimental Study of a Self-Tuning Algorithm for {DBMS} Buffer Pools},
  journal = {Journal of Database Management},
  year = {2003},
  volume = {16},
  pages = {1--20},
  number = {2}
}

@INPROCEEDINGS{menasce:virtenv,
  author = {Daniel A. Menasce and Mohamed N. Bennani},
  title = {Autonomic Virtualized Environments},
  booktitle = {ICAS '06: Proceedings of the International Conference on Autonomic
	and Autonomous Systems},
  year = {2006},
  pages = {28},
  address = {Washington, DC, USA},
  publisher = {IEEE Computer Society},
  doi = {http://dx.doi.org/10.1109/ICAS.2006.13},
  isbn = {0-7695-2653-5}
}

@INCOLLECTION{messor:loadbalaneants,
  author = {Montresor, Alberto and Meling, Hein and Babaoğlu, Özalp},
  title = {Messor: Load-Balancing through a Swarm of Autonomous Agents},
  booktitle = {Agents and Peer-to-Peer Computing},
  publisher = {Springer Berlin / Heidelberg},
  year = {2003},
  editor = {Moro, Gianluca and Koubarakis, Manolis},
  volume = {2530},
  series = {Lecture Notes in Computer Science},
  pages = {125-137},
  affiliation = {University of Bologna Department of Computer Science Mura Anteo Zamboni
	7 40127 Bologna Italy},
  isbn = {978-3-540-40538-2},
  keyword = {Computer Science}
}

@INPROCEEDINGS{martin:workloadOpt1,
  author = {Niu, Baoning and Martin, Patrick and Powley, Wendy and Horman, Randy
	and Bird, Paul},
  title = {Workload adaptation in autonomic {DBMS}s},
  booktitle = {CASCON '06: Proceedings of the 2006 conference of the Center for
	Advanced Studies on Collaborative research},
  year = {2006},
  pages = {13},
  address = {New York, NY, USA},
  publisher = {ACM},
  doi = {http://doi.acm.org/10.1145/1188966.1188984},
  location = {Toronto, Ontario, Canada}
}

@ARTICLE{cloud:performance,
  author = {Ostermann, S. and Iosup, A. and Yigibasi, N. and Prodan, R. and Fahringer,
	T. and Epema D.},
  title = {An early performance analysis of cloud computing services for scientific
	computing},
  year = {2008},
  month = {December},
  organization = {Delft University of Technology},
  type = {Tech. Rep.}
}

@ARTICLE{SOA:composition2,
  author = {Rao, Jinghai and Su, Xiaomeng},
  title = {A Survey of Automated Web Service Composition Methods},
  journal = {Semantic Web Services and Web Process Composition},
  year = {2005},
  pages = {43--54},
  abstract = {In today's Web, Web services are created and updated on the fly. It's
	already beyond the human ability to analysis them and generate the
	composition plan manually. A number of approaches have been proposed
	to tackle that problem. Most of them are inspired by the researches
	in cross-enterprise workflow and AI planning. This paper gives an
	overview of recent research efforts of automatic Web service composition
	both from the workflow and AI planning research community.},
  citeulike-article-id = {1848494},
  citeulike-linkout-0 = {http://www.springerlink.com/content/4m6w37g0jffk9bv4},
  keywords = {composition, service, survey, web},
  posted-at = {2009-04-16 12:38:10},
  priority = {2},
  url = {http://www.springerlink.com/content/4m6w37g0jffk9bv4}
}

@ARTICLE{related:architecture:selfmanagep2p,
  author = {Anasser Ag Rhissa and Adil Hassnaoui},
  title = {Towards a global autonomic management and integration of heterogeneous
	networks and multimedia services},
  journal = {Network Control and Engineering for QoS, Security and Mobility, IV},
  year = {2007},
  pages = {199-207},
  month = {May}
}

@INPROCEEDINGS{related:architecture:hierarch1,
  author = {Rohloff, Kurt and Schantz, Richard and Gabay, Yarom},
  title = {High-level dynamic resource management for distributed, real-time
	embedded systems},
  booktitle = {SCSC: Proceedings of the 2007 summer computer simulation conference},
  year = {2007},
  pages = {749--756},
  address = {San Diego, CA, USA},
  publisher = {Society for Computer Simulation International},
  isbn = {1-56555-316-0},
  location = {San Diego, California}
}

@INPROCEEDINGS{related:decision:policy,
  author = {Salehie, Mazeiar and Tahvildari, Ladan},
  title = {A Policy-Based Decision Making Approach for Orchestrating Autonomic
	Elements},
  booktitle = {STEP '05: Proceedings of the 13th IEEE International Workshop on
	Software Technology and Engineering Practice},
  year = {2005},
  pages = {173--181},
  address = {Washington, DC, USA},
  publisher = {IEEE Computer Society},
  doi = {http://dx.doi.org/10.1109/STEP.2005.6},
  isbn = {0-7695-2639-X}
}

@ARTICLE{related:decision:policy2,
  author = {Simmons, Bradley and Lutfiyya, Hanan},
  title = {Policies, grids and autonomic computing},
  journal = {ACM SIGSOFT Software Engineering Notes},
  year = {2005},
  volume = {30},
  pages = {1--5},
  number = {4},
  address = {New York, NY, USA},
  doi = {http://doi.acm.org/10.1145/1082983.1083081},
  issn = {0163-5948},
  publisher = {ACM}
}

@MASTERSTHESIS{bogdan:masterthesis,
  author = {Solomon, B.},
  title = {A real-time pattern based architecture for autonomic systems },
  school = {University of Ottawa},
  year = {2009}
}

@INPROCEEDINGS{bogdan:seams10,
  author = {Solomon, B. and Ionescu, D. and Litoiu, M. and Iszlai, G.},
  title = {Composition of Adaptive Web Services},
  booktitle = {SEAMS '10: Proceedings of the 2010 International Workshop on Software
	Engineering for Adaptive and Self-Managing Systems},
  year = {2010},
  pages = {1--10},
  note = {To be published},
  journal = {International Workshop on Software Engineering for Adaptive and Self-Managing
	Systems}
}

@INPROCEEDINGS{bogdan:cimsa2010,
  author = {Solomon, B. and Ionescu, D. and Litoiu, M. and Iszlai, G. and Prostean,
	O.},
  title = {Measurements and identification of Autonomic Computing processes},
  booktitle = {Computational Intelligence for Measurement Systems and Applications
	(CIMSA), 2010 IEEE International Conference on},
  year = {2010},
  pages = {72 -77},
  month = {sept.},
  doi = {10.1109/CIMSA.2010.5611771},
  keywords = {IT infrastructure;autonomic computing paradigm;autonomic computing
	process;computational resources self-optimization;extended Kalman
	filter;mathematical characterization;middleware;pseudo random arrival
	rates;recursive parameter estimation technique;Kalman filters;fault
	tolerant computing;middleware;parameter estimation;recursive estimation;}
}

@INPROCEEDINGS{bogdan:mddas2008,
  author = {Solomon, B. and Ionescu, D. and Litoiu, M. and Mihaescu, M.},
  title = {Model-Driven Engineering for Autonomic Provisioned Systems},
  booktitle = {COMPSAC '08: Proceedings of the 2008 32nd Annual IEEE International
	Computer Software and Applications Conference},
  year = {2008},
  pages = {1110--1115},
  address = {Washington, DC, USA},
  publisher = {IEEE Computer Society},
  doi = {http://dx.doi.org/10.1109/COMPSAC.2008.221},
  isbn = {978-0-7695-3262-2}
}

@INPROCEEDINGS{bogdan:adaptive,
  author = {Solomon, Bogdan and Ionescu, Dan and Litoiu, Marin and Mihaescu,
	Mircea},
  title = {A real-time adaptive control of autonomic computing environments},
  booktitle = {CASCON '07: Proceedings of the 2007 conference of the center for
	advanced studies on Collaborative research},
  year = {2007},
  pages = {124--136},
  address = {New York, NY, USA},
  publisher = {ACM},
  doi = {http://doi.acm.org/10.1145/1321211.1321225},
  location = {Richmond Hill, Ontario, Canada}
}

@INPROCEEDINGS{bogdan:i2ts2007,
  author = {Solomon, B. and Ionescu, D. and Litoiu, M. and Mihaescu, M.},
  title = {An Autonomic Computing Approach to Server Virtualization},
  booktitle = {I2TS '07: Proceedings of the 2007 International Information and Telecommunication
	Technologies Symposium},
  year = {2007},
  pages = {222--236},
  journal = {International Information and Telecommunication Technologies Symposium}
}

@INPROCEEDINGS{bogdan:seams07,
  author = {Solomon, B. and Ionescu, D. and Litoiu, M. and Mihaescu, M.},
  title = {Towards a Real-Time Reference Architecture for Autonomic Systems},
  booktitle = {SEAMS '07: Proceedings of the 2007 International Workshop on Software
	Engineering for Adaptive and Self-Managing Systems},
  year = {2007},
  pages = {1--10},
  journal = {International Workshop on Software Engineering for Adaptive and Self-Managing
	Systems}
}

@INPROCEEDINGS{bogdan:i2ts2006,
  author = {Solomon, B. and Ionescu, D. and Litoiu, M. and Mihaescu, M.},
  title = {Decentralized Predictive Control of Autonomic Computing Environments},
  booktitle = {I2TS'2006: Proceedings of the 2006 International Information and
	Telecommunication Technologies Symposium},
  year = {2006},
  pages = {94-103},
  journal = {International Information and Telecommunication Technologies Symposium}
}

@MISC{marketcrash:2009,
  author = {Staff and agencies},
  month = {November},
  year = {2009},
  title = {London Stock Exchange crash halts trading},
  organization = {Guardian Newspaper},
  note = {[Accessed: April 2010]},
  url = {http://www.guardian.co.uk/business/2009/nov/26/london-stock-exchange-crashes}
}

@INPROCEEDINGS{related:architecture:unity,
  author = {Tesauro, Gerald and Chess, David M. and Walsh, William E. and Das,
	Rajarshi and Segal, Alla and Whalley, Ian and Kephart, Jeffrey O.
	and White, Steve R.},
  title = {A Multi-Agent Systems Approach to Autonomic Computing},
  booktitle = {AAMAS '04: Proceedings of the Third International Joint Conference
	on Autonomous Agents and Multiagent Systems},
  year = {2004},
  pages = {464--471},
  address = {Washington, DC, USA},
  publisher = {IEEE Computer Society},
  doi = {http://dx.doi.org/10.1109/AAMAS.2004.23},
  isbn = {1-58113-864-4},
  location = {New York, New York}
}

@INPROCEEDINGS{martin:bp2,
  author = {Tian, Wenhu and Martin, Pat and Powley, Wendy},
  title = {Techniques for automatically sizing multiple buffer pools in {DB2}},
  booktitle = {CASCON '03: Proceedings of the 2003 conference of the Centre for
	Advanced Studies on Collaborative research},
  year = {2003},
  pages = {294--302},
  publisher = {IBM Press},
  location = {Toronto, Ontario, Canada}
}

@INPROCEEDINGS{martin:workload3,
  author = {Wasserman, Ted J. and Martin, Patrick and Skillicorn, David B. and
	Rizvi, Haider},
  title = {Developing a characterization of business intelligence workloads
	for sizing new database systems},
  booktitle = {DOLAP '04: Proceedings of the 7th ACM international workshop on Data
	warehousing and OLAP},
  year = {2004},
  pages = {7--13},
  address = {New York, NY, USA},
  publisher = {ACM},
  doi = {http://doi.acm.org/10.1145/1031763.1031766},
  isbn = {1-58113-977-2},
  location = {Washington, DC, USA}
}

@INPROCEEDINGS{Weikum02self-tuningdatabase,
  author = {Gerhard Weikum and Axel Moenkeberg and Christof Hasse and Peter Zabback},
  title = {Self-tuning Database Technology and Information Services: from Wishful
	Thinking to Viable Engineering},
  booktitle = {In VLDB Conference},
  year = {2002},
  pages = {20--31}
}

@TECHREPORT{kalman,
  author = {Greg Welch and Gary Bishop},
  title = {An Introduction to the {K}alman {F}ilter},
  institution = {University of North Carolina at Chapel Hill},
  year = {2006},
  address = {Chapel Hill, NC, USA},
  month = {July},
  note = {[Accessed: May 2009]},
  url = {http://www.cs.unc.edu/\~welch/media/pdf/kalman\_intro.pdf}
}

@ARTICLE{marin:estimator,
  author = {Woodside, C. Murray and Litoiu, Marin},
  title = {Performance Model Estimation and Tracking Using Optimal Filters},
  journal = {IEEE Transactions on Software Engineering},
  year = {2008},
  volume = {34},
  pages = {391--406},
  number = {3},
  address = {Piscataway, NJ, USA},
  doi = {http://dx.doi.org/10.1109/TSE.2008.30},
  issn = {0098-5589},
  publisher = {IEEE Press}
}

@INPROCEEDINGS{tao:lqm,
  author = {Woodside, M. and Tao Zheng and Litoiu, M.},
  title = {Service System Resource Management Based on a Tracked Layered Performance
	Model},
  booktitle = {ICAC '06: Proceedings of the 2006 IEEE International Conference on
	Autonomic Computing},
  year = {2006},
  pages = {175--184},
  address = {Washington, DC, USA},
  publisher = {IEEE Computer Society},
  doi = {http://dx.doi.org/10.1109/ICAC.2006.1662396},
  isbn = {1-4244-0175-5}
}

@INPROCEEDINGS{decentralized1,
  author = {Xu, Jing and Zhao, Ming and Fortes, Jos\'{e} A.},
  title = {Cooperative Autonomic Management in Dynamic Distributed Systems},
  booktitle = {Proceedings of the 11th International Symposium on Stabilization,
	Safety, and Security of Distributed Systems},
  year = {2009},
  series = {SSS '09},
  pages = {756--770},
  address = {Berlin, Heidelberg},
  publisher = {Springer-Verlag},
  location = {Lyon, France},
  numpages = {15},
}

@INPROCEEDINGS{martin:bp1,
  author = {Xu, Xiaoyi and Martin, Patrick and Powley, Wendy},
  title = {Configuring buffer pools in {DB2 UDB}},
  booktitle = {CASCON '02: Proceedings of the 2002 conference of the Centre for
	Advanced Studies on Collaborative research},
  year = {2002},
  pages = {13},
  publisher = {IBM Press},
  location = {Toronto, Ontario, Canada}
}

@INPROCEEDINGS{related:model:ml,
  author = {Zhang, Rui and Bivens, Alan J.},
  title = {Comparing the use of bayesian networks and neural networks in response
	time modeling for service-oriented systems},
  booktitle = {SOCP '07: Proceedings of the 2007 workshop on Service-oriented computing
	performance: aspects, issues, and approaches},
  year = {2007},
  pages = {67--74},
  address = {New York, NY, USA},
  publisher = {ACM},
  doi = {http://doi.acm.org/10.1145/1272457.1272467},
  isbn = {978-1-59593-717-9},
  location = {Monterey, California, USA}
}

@INPROCEEDINGS{nonlinearident1,
  author = {W. W. Zhou and M. Blanke},
  title = {Identification of a class of nonlinear state-space models using {RPE}
	techniques},
  booktitle = {Decision and Control, 1986 25th IEEE Conference on},
  year = {1986},
  volume = {25},
  pages = {1637-1642},
  month = {Dec. },
  doi = {10.1109/CDC.1986.267185}
}

@MISC{apache:muse,
  title = {Apache Muse},
  note = {[Accessed: May 2009]},
  organization = {Apache},
  url = {http://ws.apache.org/muse/}
}

@MISC{jboss,
  title = {{JBoss} {A}pplication {S}erver},
  note = {[Accessed: May 2009]},
  organization = {JBoss},
  url = {http://www.jboss.org/}
}

@MISC{msdn:workloads,
  title = {{SQL Server 2008} Books Online (October 2009) - About Workloads},
  note = {[Accessed: Decemeber 2009]},
  organization = {Microsoft},
  url = {http://msdn.microsoft.com/en-us/library/ms190649.aspx}
}

@MISC{product:db2,
  title = {{IBM DB2 UDB}},
  note = {[Accessed: December 2009]},
  organization = {IBM},
  url = {http://www.ibm.com/db2/}
}

@electronic{product:n1,
	author =  {Oracle}, 
  title = {{Sun N1 Service Provisioning System}},
  organization = {SUN},
	year = {2013},
  url = {http://docs.oracle.com/cd/E19118-01/n1.sprovsys52/}
}

@MISC{product:windows,
  title = {Windows},
  note = {[Accessed: December 2009]},
  organization = {Microsoft},
  url = {http://www.microsoft.com/windows/}
}

@MISC{serverUtil2,
  title = {Optimizing data centers for high-density computing},
  howpublished = {HP technology brief},
  organization = {Hewlett Packard},
  note = {[Accessed: May 2009]},
  url = {http://h20000.www2.hp.com/bc/docs/support/SupportManual/c00064724/c00064724.pdf}
}

@STANDARD{standard:arm,
  title = {{ARM}},
  organization = {Open Group},
  note = {[Accessed: May 2009]},
  url = {http://www.opengroup.org/tech/management/arm/}
}

@STANDARD{standard:wsdm,
  title = {Web Service Distributed Management},
  organization = {OASIS},
  note = {[Accessed: May 2009]},
  url = {http://www.oasis-open.org/committees/tc_home.php?wg_abbrev=wsdm}
}

@STANDARD{standard:wsman,
  title = {{Web Services for Management}},
  organization = {DMTF},
  note = {[Accessed: May 2009]},
  url = {http://www.dmtf.org/standards/wsman/}
}

@MISC{sun:ejb3,
  title = {Enterprise {J}ava{B}eans 3 Specification},
  note = {[Accessed: May 2009]},
  organization = {Sun Microsystems},
  url = {http://java.sun.com/products/ejb/docs.html}
}

@MISC{tpc-w,
  title = {{TPC} Benchmark {W} ({W}eb {C}ommerce) Standard Specification Revision
	1.7},
  note = {[Accessed: Decemeber 2010]},
  organization = {Transaction Processing Performance Council},
  url = {http://www.tpc.org/tpcw/}
}

@MISC{websphere,
  title = {Web{S}phere {A}pplication {S}erver},
  note = {[Accessed: May 2009]},
  organization = {IBM},
  url = {http://www-01.ibm.com/software/webservers/appserv/was/}
}

@MISC{xen,
  title = {Xen hypervisor},
  note = {[Accessed: May 2009]},
  organization = {Xen},
  url = {http://www.xen.org/}
}

@MISC{alphaworks:apera,
  title = {{Application Performance Evaluator and Resource Allocation Tool}:
	Overview},
  month = {May},
  year = {2003},
  note = {[Accessed: May 2009]},
  organization = {IBM},
  url = {http://www.alphaworks.ibm.com/tech/apera}
}

@inproceedings{related:bayesiandb,
 author = {Sheikh, Muhammad Bilal and Minhas, Umar Farooq and Khan, Omar Zia and Aboulnaga, Ashraf and Poupart, Pascal and Taylor, David J.},
 title = {A bayesian approach to online performance modeling for database appliances using gaussian models},
 booktitle = {Proceedings of the 8th ACM international conference on Autonomic computing},
 series = {ICAC '11},
 year = {2011},
 isbn = {978-1-4503-0607-2},
 location = {Karlsruhe, Germany},
 pages = {121--130},
 numpages = {10},
 publisher = {ACM},
 address = {New York, NY, USA},
 keywords = {bayesian networks, database appliances, gaussian processes, machine learning, performance modeling},
}

@inproceedings{related:markov1,
 author = {Calinescu, Radu and Kwiatkowska, Marta},
 title = {Using quantitative analysis to implement autonomic IT systems},
 booktitle = {Proceedings of the 31st International Conference on Software Engineering},
 series = {ICSE '09},
 year = {2009},
 isbn = {978-1-4244-3453-4},
 pages = {100--110},
 numpages = {11},
 publisher = {IEEE Computer Society},
 address = {Washington, DC, USA},
} 

@INPROCEEDINGS{related:markov2,
     author = {Dutreilh, Xavier and Kirgizov, Sergey and Melekhova, Olga and Malenfant, Jacques and Rivierre, Nicolas and Truck, Isis},
      month = may,
      title = {Using Reinforcement Learning for Autonomic Resource Allocation in Clouds: towards a fully automated workflow},
  booktitle = {Seventh International Conference on Autonomic and Autonomous Systems, ICAS 2011},
       year = {2011},
      pages = {67-74},
  publisher = {IEEE},
       note = {MoVe INT LIP6},
       isbn = {978-1-61208-006-2}
}

@inproceedings{related:econmodel,
 author = {Martin, Patrick and Zhang, Mingyi and Powley, Wendy and Boughton, Harley and Bird, Paul and Horman, Randy},
 title = {The use of economic models to capture importance policy for autonomic database management systems},
 booktitle = {Proceedings of the 1st ACM/IEEE workshop on Autonomic computing in economics},
 series = {ACE '11},
 year = {2011},
 isbn = {978-1-4503-0734-5},
 location = {Karlsruhe, Germany},
 pages = {3--10},
 numpages = {8},
 acmid = {1998564},
 publisher = {ACM},
 address = {New York, NY, USA},
 keywords = {autonomic computing, database management systems, economic models, policy based management, system management},
} 

@article{related:control,
 author = {Zhu, Xiaoyun and Uysal, Mustafa and Wang, Zhikui and Singhal, Sharad and Merchant, Arif and Padala, Pradeep and Shin, Kang},
 title = {What does control theory bring to systems research?},
 journal = {SIGOPS Oper. Syst. Rev.},
 volume = {43},
 issue = {1},
 month = {January},
 year = {2009},
 issn = {0163-5980},
 pages = {62--69},
 numpages = {8},
 publisher = {ACM},
 address = {New York, NY, USA},
 keywords = {control theory, dynamics, model, stability, systems research},
} 

@inproceedings{related:control2,
 author = {Maggio, Martina and Hoffmann, Henry and Santambrogio, Marco D. and Agarwal, Anant and Leva, Alberto},
 title = {Decision making in autonomic computing systems: comparison of approaches and techniques},
 booktitle = {Proceedings of the 8th ACM international conference on Autonomic computing},
 series = {ICAC '11},
 year = {2011},
 isbn = {978-1-4503-0607-2},
 location = {Karlsruhe, Germany},
 pages = {201--204},
 numpages = {4},
 publisher = {ACM},
 address = {New York, NY, USA},
 keywords = {comparison, decision mechanisms, design approaches},
} 

@INPROCEEDINGS{related:control3,
author={Liu, X. and Zhu, X. and Singhal, S. and Arlitt, M.},
booktitle={Integrated Network Management, 2005. IM 2005. 2005 9th IFIP/IEEE International Symposium on}, 
title={Adaptive entitlement control of resource containers on shared servers},
year={2005},
month={may},
volume={},
number={},
pages={ 163 - 176},
keywords={ Web server; adaptive entitlement control; closed-loop system; control theory; controller design; model identification; online feedback control algorithm; resource container; resource utilization; self-tuning adaptive controller; shared server; utility computing; Internet; adaptive control; closed loop systems; control system synthesis; network servers; self-adjusting systems; telecommunication control; telecommunication services;},
doi={10.1109/INM.2005.1440783},
ISSN={ },}

@article{related:control4,
 author = {Lu, Chenyang and Lu, Ying and Abdelzaher, Tarek F. and Stankovic, John A. and Son, Sang Hyuk},
 title = {Feedback Control Architecture and Design Methodology for Service Delay Guarantees in Web Servers},
 journal = {IEEE Trans. Parallel Distrib. Syst.},
 volume = {17},
 issue = {9},
 month = {September},
 year = {2006},
 issn = {1045-9219},
 pages = {1014--1027},
 numpages = {14},
 publisher = {IEEE Press},
 address = {Piscataway, NJ, USA},
 keywords = {Web server, Quality of Service, feedback control, proportional differentiated service.},
} 

@INPROCEEDINGS{related:control5,
author={Pan, W. and Mu, D. and Wu, H. and Yao, L.},
booktitle={High Performance Computing and Communications, 2008. HPCC '08. 10th IEEE International Conference on}, title={Feedback Control-Based QoS Guarantees in Web Application Servers},
year={2008},
month={sept.},
volume={},
number={},
pages={328 -334},
keywords={Web application servers;absolute delay guarantee;approximate linear time-invariant models;average queuing delay ratio;closed-loop systems;database connection pool;feedback control theory;proportional delay differentiation;proportional-integral controllers design;quality of service;root locus method;Internet;closed loop systems;control system synthesis;database management systems;feedback;file servers;quality of service;three-term control;},
doi={10.1109/HPCC.2008.106},
ISSN={},}

@electronic{product:wave,
  author = {Apache},
  title = {{Google Wave Protocol}},
  organization = {Apache},
	year = {2013},
  url = {http://www.waveprotocol.org/wave-in-a-box}
}

@inproceedings{related:colab1,
 author = {Gutwin, Carl A. and Lippold, Michael and Graham, T. C. Nicholas},
 title = {Real-time groupware in the browser: testing the performance of web-based networking},
 booktitle = {Proceedings of the ACM 2011 conference on Computer supported cooperative work},
 series = {CSCW '11},
 year = {2011},
 isbn = {978-1-4503-0556-3},
 location = {Hangzhou, China},
 pages = {167--176},
 numpages = {10},
 url = {http://doi.acm.org/10.1145/1958824.1958850},
 doi = {http://doi.acm.org/10.1145/1958824.1958850},
 acmid = {1958850},
 publisher = {ACM},
 address = {New York, NY, USA},
 keywords = {WWW, performance, plug-ins, real-time groupware},
} 

@INPROCEEDINGS{bogdan:lindi,
author={Solomon, Bogdan and Ionescu, Dan and Litoiu, Marin and Iszlai, Gabriel},
booktitle={Logistics and Industrial Informatics (LINDI), 2011 3rd IEEE International Symposium on},
title={Self-organizing autonomic computing systems},
year={2011},
month={aug.},
volume={},
number={},
pages={99 -104},
keywords={},
doi={10.1109/LINDI.2011.6031128},
ISSN={},}

@inproceedings{Gutwin:2011:RGB:1958824.1958850,
 author = {Gutwin, Carl A. and Lippold, Michael and Graham, T. C. Nicholas},
 title = {Real-time groupware in the browser: testing the performance of web-based networking},
 booktitle = {Proceedings of the ACM 2011 conference on Computer supported cooperative work},
 series = {CSCW '11},
 year = {2011},
 isbn = {978-1-4503-0556-3},
 location = {Hangzhou, China},
 pages = {167--176},
 numpages = {10},
 publisher = {ACM},
 address = {New York, NY, USA},
 keywords = {WWW, performance, plug-ins, real-time groupware},} 

 @inproceedings{impl:ajaxpush,
	title = "{Powermeeting: GWT-Based Synchronous Groupware}",
 	author = {Wang, Weigang},
	booktitle = {HT '08: Proc. of 19th ACM Conf. on Hypertext and Hypermedia},
	year = {2008},
	isbn = {978-1-59593-985-2},
	pages = {251-252},
	location = {Pittsburgh, PA, USA},
	doi = {http://doi.acm.org/10.1145/1379092.1379150},
	publisher = {ACM},
	address = {New York, NY, USA}
}

@inproceedings{zync,
	title = "{Zync: The Design of Synchronized Video Sharing}", 
	author = {Liu, Yiming and Shafton, Peter and Shamma, David A. and Yang, Jeannie},
	booktitle = {DUX '07: Proc. of 2007 Conf. on Designing for User eXperiences},
	year = {2007},
	isbn = {978-1-60558-308-2},
	pages = {1-8},
	location = {Chicago, Illinois},
	doi = {http://doi.acm.org/10.1145/1389908.1389924},
	publisher = {ACM},
	address = {New York, NY, USA}
}

@MISC{bigbluebutton,
  author = {BigBlueButton},
  title = {{BigBlueButton -- Open Source Web Conferencing}},
  organization = {BigBlueButton},
  note = {[Accessed: January 2012]},
  url = {http://www.bigbluebutton.org/}
}

@article{Birman:1993:PGA:163298.163303,
 author = {Birman, Kenneth P.},
 title = {The process group approach to reliable distributed computing},
 journal = {Commun. ACM},
 issue_date = {Dec. 1993},
 volume = {36},
 issue = {12},
 month = {December},
 year = {1993},
 issn = {0001-0782},
 pages = {37--53},
 numpages = {17},
 url = {http://doi.acm.org/10.1145/163298.163303},
 doi = {http://doi.acm.org/10.1145/163298.163303},
 acmid = {163303},
 publisher = {ACM},
 address = {New York, NY, USA},
 keywords = {fault-tolerant process groups, message ordering, multicast communication},
} 

@online{related:googledocs,
	title = "{Google Docs - Online Documents, Spreadsheets, Presentations}",
	organization = "Google Inc.",
	month = "",
	year = "2010",
	url = "http://docs.google.com/",
	note = "[Accessed: December 2010]"	
}

@article{fox:broker,
author = {A. Uyar and G. Fox},
title = "{Investigating the performance of audio/video service architecture. II. Broker network}",
journal ="{International Symposium on Collaborative Technologies and Systems}",
volume = {0},
isbn = {0-7695-2387-0},
year = {2005},
pages = {128-135},
doi = {http://doi.ieeecomputersociety.org/10.1109/ISCST.2005.1553304},
publisher = {IEEE Computer Society},
address = {Los Alamitos, CA, USA},
}

@misc{related:knightcapital,
	title = "{Knight Capital's \$440m trading loss caused by disused software}",
	organization = "The Telegraph",
	month = "August",
	year = "2012",
	url = "http://www.telegraph.co.uk/finance/newsbysector/ banksandfinance/9475292/Knight-Capitals-440m-trading-loss-caused-by-disused-software.html",
	howpublished="\url{http://www.telegraph.co.uk/finance/newsbysector/ banksandfinance/9475292/Knight-Capitals-440m-trading-loss-caused-by-disused-software.html}",
	note = "[Accessed: January 2014]"	
}

@misc{related:flashcrash2010,
	title = "{Findings Regarding the Market Events of May 6, 2010}",
	organization = "U.S. Securities and Exchange Commission (SEC)",
	month = "October",
	year = "2010",
	url = "http://www.sec.gov/news/studies/2010/marketevents-report.pdf",
	howpublished="\url{http://www.sec.gov/news/studies/2010/marketevents-report.pdf}",
	note = "[Accessed: January 2014]"	
}

@INPROCEEDINGS{bogdan:cts2012,
author={Solomon, Bogdan and Ionescu, Dan and Gadea, Cristian and Veres, Stejarel and Litoiu, Marin and Ng, Joanna},
booktitle={Collaboration Technologies and Systems (CTS), 2012 International Conference on}, title={Distributed clouds for collaborative applications},
year={2012},
month={may},
volume={},
number={},
pages={218 -225},
keywords={},
doi={10.1109/CTS.2012.6261053},
ISSN={},}

@INPROCEEDINGS{bogdan:conti2010,
author={Solomon, B. and Ionescu, D. and Litoiu, M. and Iszlai, G.},
booktitle={Computational Cybernetics and Technical Informatics (ICCC-CONTI), 2010 International Joint Conference on}, 
title={Designing autonomic management systems for cloud computing},
year={2010},
month={may},
volume={},
number={},
pages={631 -636},
keywords={Web services;autonomic management systems;cloud computing;server virtualization;service level agreements;Web services;fault tolerant computing;software architecture;virtual machines;},
doi={10.1109/ICCCYB.2010.5491335},
ISSN={},}

@MISC{ntop,
  author = {Luca Deri},
  title = {{ntop}},
  organization = {ntop},
  note = {[Accessed: January 2013]},
  url = {http://www.ntop.org/}
}

@inbook{bogdan:miles2012chapter,
author = {Solomon, Bogdan and Ionescu, Dan and Gadea, Cristian and Litoiu, Marin},
chapter = {Geographically Distributed Cloud-Based Collaborative Application},
crossref = {bogdan:miles2012}
}


@BOOK{bogdan:miles2012,
  title = {Migrating Legacy Applications: Challenges in Service Oriented Architecture and Cloud Computing Environments},
	booktitle = {Migrating Legacy Applications: Challenges in Service Oriented Architecture and Cloud Computing Environments},
  publisher = {IGI Global},
  year = {2013}
}

@INPROCEEDINGS{related:selforganization-honeybee, 
author={Anders, Gerrit and Hinrichs, Christian and Siefert, Florian and Behrmann, Pascal and Reif, Wolfgang and Sonnenschein, Michael}, 
booktitle={Self-Adaptive and Self-Organizing Systems (SASO), 2012 IEEE Sixth International Conference on}, 
title={On the Influence of Inter-Agent Variation on Multi-Agent Algorithms Solving a Dynamic Task Allocation Problem under Uncertainty}, 
year={2012}, 
pages={29-38}, 
keywords={frequency stability;multi-agent systems;multivariable systems;optimisation;power system management;problem solving;task analysis;uncertain systems;decentralized power management;dynamic task allocation problem;fixed overlay network;frequency stabilization problem;heterogeneous agents;information exchange;inter-agent variation;multiagent algorithms;multiagent systems;system utility maximization;task distribution;uncertain environments;Dynamic scheduling;Frequency measurement;Heuristic algorithms;Power generation;Power grids;Resource management;Temperature;Distributed Problem Solving;Dynamic Task Allocation Problem;Frequency Stabilization Problem;Inter-Agent Variation}, 
doi={10.1109/SASO.2012.16}, 
ISSN={1949-3673}}

@article{related:selforganization-autoscaling,
  author    = {Nicol{\`o} Maria Calcavecchia and
               Bogdan Alexandru Caprarescu and
               Elisabetta Di Nitto and
               Daniel J. Dubois and
               Dana Petcu},
  title     = {DEPAS: a decentralized probabilistic algorithm for auto-scaling},
  journal   = {Computing},
  volume    = {94},
  number    = {8-10},
  year      = {2012},
  pages     = {701-730},
  ee        = {http://dx.doi.org/10.1007/s00607-012-0198-8},
}

@inproceedings{related:selforganization-autoscaling2,
  author    = {Bogdan Alexandru Caprarescu and
               Nicol{\`o} Maria Calcavecchia and
               Elisabetta Di Nitto and
               Daniel J. Dubois},
  title     = {SOS Cloud: Self-organizing Services in the Cloud},
  booktitle = {BIONETICS},
  year      = {2010},
  pages     = {48-55},
  ee        = {http://dx.doi.org/10.1007/978-3-642-32615-8_7}
}

@INPROCEEDINGS{related:selforganization-plant, 
author={Dötsch, Florian and Denzinger, Jorg and Kasinger, Holger and Bauer, Bernhard}, 
booktitle={Self-Adaptive and Self-Organizing Systems (SASO), 2010 4th IEEE International Conference on}, 
title={Decentralized Real-Time Control of Water Distribution Networks Using Self-Organizing Multi-agent Systems}, 
year={2010}, 
pages={223-232}, 
keywords={decentralised control;multi-agent systems;water supply;biologically-inspired coordination strategy;decentralized coordination mechanism;decentralized real-time control;digital infochemical;indirect defense;municipal distribution network;self-organizing multiagent system;water distribution networks;water tower;Biological system modeling;Chemicals;Humans;Reservoirs;biologicallyinspired;infochemicals;multi-agent system;self-organization;water distribution}, 
doi={10.1109/SASO.2010.20},}

@INPROCEEDINGS{related:selforganization-healing1, 
author={Feller, Eugen and Rilling, Louis and Morin, Christine}, 
booktitle={Cluster, Cloud and Grid Computing (CCGrid), 2012 12th IEEE/ACM International Symposium on}, 
title={Snooze: A Scalable and Autonomic Virtual Machine Management Framework for Private Clouds}, 
year={2012}, 
pages={482-489}, 
keywords={cloud computing;computer centres;public domain software;self-adjusting systems;software fault tolerance;virtual machines;Grid'5000;IaaS cloud management frameworks;Snooze;autonomic virtual machine management;cloud computing;data centers;fault tolerance;open-source infrastructure-as-a-service cloud management frameworks;private clouds;scalable virtual machine management;self-healing system;self-organizing hierarchical architecture;single master node;single point-of-failure;Cloud computing;Fault tolerance;Fault tolerant systems;Heart beat;IP networks;Monitoring;Scalability;Cloud Computing;Scalability;Self-Healing;Self-Organization;Virtualization}, 
doi={10.1109/CCGrid.2012.71},}

@inproceedings{related:selforganization-healing2,
 author = {Caprarescu, Bogdan Alexandru},
 title = {Robustness and scalability: a dual challenge for autonomic architectures},
 booktitle = {Proceedings of the Fourth European Conference on Software Architecture: Companion Volume},
 series = {ECSA '10},
 year = {2010},
 isbn = {978-1-4503-0179-4},
 location = {Copenhagen, Denmark},
 pages = {22--26},
 numpages = {5},
 publisher = {ACM},
 address = {New York, NY, USA},
 keywords = {autonomic computing, fault tolerance, self-organization, software architecture},
} 

@INPROCEEDINGS{related:selforganization-energymanagement, 
author={Feller, Eugen and Rohr, Cyril and Margery, David and Morin, Christine}, 
booktitle={Cloud Computing (CLOUD), 2012 IEEE 5th International Conference on}, 
title={Energy Management in IaaS Clouds: A Holistic Approach}, 
year={2012}, 
pages={204-212}, 
keywords={cloud computing;computer centres;energy conservation;energy management systems;power aware computing;resource allocation;virtual machines;Grid'5000 experimentation testbed;IaaS clouds;Snooze;cloud data center operators;dynamic VM scheduling algorithms;dynamic Web workloads;dynamic energy consumption scaling;energy conservation;energy efficiency;energy management algorithms;energy management mechanisms;energy saving mechanisms;holistic approach;holistic energy-aware VM management framework;power-metered machines;private clouds;realistic environment;virtual machine placement;Energy management;Estimation;Heuristic algorithms;Monitoring;Resource management;Servers;Vectors;Cloud Computing;Consolidation;Energy Management;Live Migration;Relocation;Virtualization}, 
doi={10.1109/CLOUD.2012.50}, 
ISSN={2159-6182},}

@electronic{IBM:acblueprint,
  author={IBM},
	organization={IBM},
  title={An architectural blueprint for autonomic computing},
  howpublished={White paper},
  month = {June},
  year = {2006},
  url = {http://www-01.ibm.com/software/tivoli/autonomic/pdfs/AC_Blueprint_White_Paper_4th.pdf}
}

@ARTICLE{model:queue1, 
author={Ao Tang and Andrew, Lachlan L.H. and Jacobsson, Krister and Johansson, Karl H. and Hjalmarsson, Hakan and Low, Steven H.}, 
journal={Networking, IEEE/ACM Transactions on}, 
title={Queue Dynamics With Window Flow Control}, 
year={2010}, 
volume={18}, 
number={5}, 
pages={1422-1435}, 
keywords={packet radio networks;queueing theory;telecommunication congestion control;delay-based congestion control;packet-level simulations;queueing;sub-round-trip time;window flow control;Communication system control;Fluid flow control;Internet;Jacobian matrices;Network topology;Predictive models;Protocols;Stability;Testing;Traffic control;Congestion control;stability}, 
doi={10.1109/TNET.2010.2047951}, 
ISSN={1063-6692},}

@ARTICLE{model:queue2, 
author={Stern, Thomas E.}, 
journal={Communications, IEEE Transactions on}, 
title={Approximations of Queue Dynamics and Their Application to Adaptive Routing in Computer Communication Networks}, 
year={1979}, 
volume={27}, 
number={9}, 
pages={1331-1335}, 
keywords={Adaptive methods;Packet switching;Queued communications;Adaptive algorithm;Application software;Communication networks;Communication system control;Computer networks;Data mining;Delay effects;Delay estimation;Routing;Yield estimation}, 
doi={10.1109/TCOM.1979.1094546}, 
ISSN={0090-6778},}

@inproceedings{model:queue3,
 author = {Guffens, V. and Gelenbe, E. and Bastin, G.},
 title = {Qualitative dynamical analysis of queueing networks with inhibition},
 booktitle = {Proceedings from the 2006 workshop on Interdisciplinary systems approach in performance evaluation and design of computer \& communications sytems},
 series = {Interperf '06},
 year = {2006},
 isbn = {1-59593-503-7},
 location = {Pisa, Italy},
 articleno = {10},
 url = {http://doi.acm.org/10.1145/1190326.1190337},
 doi = {10.1145/1190326.1190337},
 acmid = {1190337},
 publisher = {ACM},
 address = {New York, NY, USA},
} 

@INPROCEEDINGS{model:red1, 
author={Hollot, C.V. and Misra, V. and Towsley, D. and Gong, W.-B.}, 
booktitle={INFOCOM 2001. Twentieth Annual Joint Conference of the IEEE Computer and Communications Societies. Proceedings. IEEE}, 
title={A control theoretic analysis of RED}, 
year={2001}, 
volume={3}, 
pages={1510-1519 vol.3}, 
keywords={channel capacity;control systems;control theory;delays;feedback;network parameters;probability;queueing theory;random processes;signal detection;telecommunication network management;transport protocols;AQM control system;RED;TCP interconnection;active queue management control systems;bottlenecked queue;control theory;feedback properties;free parameters;linearly stable systems;link capacity;load level;loss probability profile;low-pass filter break point;network parameters;nonlinear dynamic model;propagation delay;random early detection;round-trip time;system loads;Analytical models;Control system synthesis;Differential equations;Feedback;Fluid dynamics;Guidelines;Linear systems;Nonlinear control systems;Queueing analysis;Robust stability}, 
doi={10.1109/INFCOM.2001.916647}, 
ISSN={0743-166X},}

@article{model:red2,
 author = {Misra, Vishal and Gong, Wei-Bo and Towsley, Don},
 title = {Fluid-based analysis of a network of AQM routers supporting TCP flows with an application to RED},
 journal = {SIGCOMM Comput. Commun. Rev.},
 issue_date = {October 2000},
 volume = {30},
 number = {4},
 month = aug,
 year = {2000},
 issn = {0146-4833},
 pages = {151--160},
 numpages = {10},
 url = {http://doi.acm.org/10.1145/347057.347421},
 doi = {10.1145/347057.347421},
 acmid = {347421},
 publisher = {ACM},
 address = {New York, NY, USA},
} 

@INPROCEEDINGS{model:fluidflow, 
author={Grochla, K. and Czachorski, T. and Klamka, J.}, 
booktitle={Applications and the Internet (SAINT), 2011 IEEE/IPSJ 11th International Symposium on}, 
title={Modelling TCP Connection in WiMAX Network Using Fluid Flow Approximation}, 
year={2011}, 
month={July}, 
pages={502-507}, 
keywords={WiMax;flow;scheduling;time division multiplexing;TCP connection modelling;WiMAX network;WiMAX wireless networks;control theory analysis;fluid flow approximation;fluid flow equations;fluid flow models;scheduling algorithm;time division multiplexing;wired networks;Analytical models;Downlink;Equations;Mathematical model;Modulation;Stability analysis;WiMAX;Fluid Flow Approximation;Stability Analysis;TCP;WiMAX}, 
doi={10.1109/SAINT.2011.93},}

@inproceedings{model:fluidflow2,
 author = {Keshav, Srinivasan},
 title = {A Control-theoretic Approach to Flow Control},
 booktitle = {Proceedings of the Conference on Communications Architecture \&Amp; Protocols},
 series = {SIGCOMM '91},
 year = {1991},
 isbn = {0-89791-444-9},
 location = {Zurich, Switzerland},
 pages = {3--15},
 numpages = {13},
 url = {http://doi.acm.org/10.1145/115992.115995},
 doi = {10.1145/115992.115995},
 acmid = {115995},
 publisher = {ACM},
 address = {New York, NY, USA},
} 


@book{related:model:SeanMeyn2007,
 author = {Meyn, Sean},
 title = {Control Techniques for Complex Networks},
 year = {2007},
 isbn = {0521884411, 9780521884419},
 edition = {1st},
 publisher = {Cambridge University Press},
 address = {New York, NY, USA},
} 

@ARTICLE{Chang1994,
author={Cheng-Shang Chang},
journal={Automatic Control, IEEE Transactions on},
title={Stability, queue length, and delay of deterministic and stochastic queueing networks},
year={1994},
volume={39},
number={5},
pages={913-931},
keywords={Markov processes;delays;queueing theory;stability;telecommunication network routing;telecommunication traffic;bounded delay;communication networks;departure process;deterministic and stochastic queueing networks;input output relation;minimum envelope rate;nonfeedforward routing;queue length;stability;stochastic queueing networks;superposition process;traffic characterization;two state Markov modulated arrival processes;Communication networks;Communication system traffic control;ISDN;Manufacturing systems;Probability distribution;Routing;Stability;Stochastic processes;Telecommunication traffic;Traffic control},
doi={10.1109/9.284868},
ISSN={0018-9286},}

@inproceedings{flow:anick82,
    author = {Anick, D. and Mitra, D. and Sondhi, M. M.},
    booktitle = {ICC'80; International Conference on Communications, Seattle},
    citeulike-article-id = {3717701},
    keywords = {jm-import-08-11-27},
    posted-at = {2008-11-27 17:06:24},
    priority = {2},
    title = {{Stochastic theory of a data handling system with multiple sources}},
    volume = {1},
    year = {1980}
}

@article{flow:mitra88,
     jstor_articletype = {research-article},
     title = {Stochastic Theory of a Fluid Model of Producers and Consumers Coupled by a Buffer},
     author = {Mitra, Debasis},
     journal = {Advances in Applied Probability},
     jstor_issuetitle = {},
     volume = {20},
     number = {3},
     jstor_formatteddate = {Sep., 1988},
     pages = {pp. 646-676},
     url = {http://www.jstor.org/stable/1427040},
     ISSN = {00018678},
     language = {English},
     year = {1988},
     publisher = {Applied Probability Trust},
     copyright = {Copyright © 1988 Applied Probability Trust},
    }
		
@article{flow:stern91,
     jstor_articletype = {research-article},
     title = {Analysis of Separable Markov-Modulated Rate Models for Information-Handling Systems},
     author = {Stern, Thomas E. and Elwalid, Anwar I.},
     journal = {Advances in Applied Probability},
     jstor_issuetitle = {},
     volume = {23},
     number = {1},
     jstor_formatteddate = {Mar., 1991},
     pages = {pp. 105-139},
     url = {http://www.jstor.org/stable/1427514},
     ISSN = {00018678},
     language = {English},
     year = {1991},
     publisher = {Applied Probability Trust},
     copyright = {Copyright © 1991 Applied Probability Trust},
    }
		
@article{flow:sericola99,
year={1999},
issn={0257-0130},
journal={Queueing Systems},
volume={31},
number={3-4},
doi={10.1023/A:1019114415595},
title={A fluid queue driven by a Markovian queue},
url={http://dx.doi.org/10.1023/A%3A1019114415595},
publisher={Kluwer Academic Publishers},
keywords={fluid queue; Markovian queue; Markov process},
author={Sericola, Bruno and Tuffin, Bruno},
pages={253-264},
language={English}
}

@incollection{flow:Kulkarni98,
 author = {Kulkarni, V. G.},
 chapter = {Fluid models for single buffer systems},
 title = {Frontiers in queueing},
 editor = {Dshalalow, Jewgeni H.},
 year = {1997},
 isbn = {0-8493-8076-6},
 pages = {321--338},
 numpages = {18},
 url = {http://dl.acm.org/citation.cfm?id=279251.279264},
 acmid = {279264},
 publisher = {CRC Press, Inc.},
 address = {Boca Raton, FL, USA},
 booktitle= {Frontiers in queueing}
} 

@inproceedings{bogdan:amgcc2013,
 author = {Solomon, Bogdan and Ionescu, Dan and Gadea, Cristian and Veres, Stejarel and Litoiu, Marin},
 title = {Self-optimizing autonomic control of geographically distributed collaboration applications},
 booktitle = {Proceedings of the 2013 ACM Cloud and Autonomic Computing Conference},
 series = {CAC '13},
 year = {2013},
 isbn = {978-1-4503-2172-3},
 location = {Miami, Florida},
 pages = {28:1--28:8},
 articleno = {28},
 numpages = {8},
 doi = {10.1145/2494621.2494650},
 acmid = {2494650},
 publisher = {ACM},
 address = {New York, NY, USA},
} 

@TECHREPORT{clevnot:fluidmodel,
    author = {Clévenot, Florence and Ross, Keith W.},
    title = {Stochastic fluid models for cache clusters},
    institution = {INRIA, Sophia Antipolis},
    year = {2003}
}

@MISC{amazon-ec2-scaling,
  author = {Amazon},
  title = {{Auto Scaling}},
  organization = {Amazon},
  note = {[Accessed: January 2014]},
  url = {http://aws.amazon.com/autoscaling/},
	howpublished="\url{http://aws.amazon.com/autoscaling/}"
}

@MISC{rackspace-scaling,
  author = {Rackspace},
  title = {{Easily Scale Your Cloud With Rackspace Auto Scale}},
  organization = {Rackspace},
  note = {[Accessed: January 2014]},
  url = {http://www.rackspace.com/blog/easily-scale-your-cloud-with-rackspace-auto-scale/},
	howpublished="\url{http://www.rackspace.com/blog/easily-scale-your-cloud-with-rackspace-auto-scale/}"
}

@MISC{azure-scaling,
  author = {Microsoft},
  title = {{Windows Azure autoscaling now built-in}},
  organization = {Microsoft},
  note = {[Accessed: January 2014]},
  url = {http://blogs.msdn.com/b/agile/archive/2013/07/02/windows-azure-autoscaling-now-built-in.aspx},
	howpublished="\url{http://blogs.msdn.com/b/agile/archive/2013/07/02/windows-azure-autoscaling-now-built-in.aspx}"
}

@inproceedings{Moore:2013:TRA:2460756.2460758,
 author = {Moore, Laura R. and Bean, Kathryn and Ellahi, Tariq},
 title = {Transforming Reactive Auto-scaling into Proactive Auto-scaling},
 booktitle = {Proceedings of the 3rd International Workshop on Cloud Data and Platforms},
 series = {CloudDP '13},
 year = {2013},
 isbn = {978-1-4503-2075-7},
 location = {Prague, Czech Republic},
 pages = {7--12},
 numpages = {6},
 url = {http://doi.acm.org/10.1145/2460756.2460758},
 doi = {10.1145/2460756.2460758},
 acmid = {2460758},
 publisher = {ACM},
 address = {New York, NY, USA},
 keywords = {auto-scaling, cloud computing, elasticity, platform-as-a-service, predictive},
}

@article{Iqbal2011871,
title = "Adaptive resource provisioning for read intensive multi-tier applications in the cloud ",
journal = "Future Generation Computer Systems ",
volume = "27",
number = "6",
pages = "871 - 879",
year = "2011",
note = "",
issn = "0167-739X",
doi = "http://dx.doi.org/10.1016/j.future.2010.10.016",
url = "http://www.sciencedirect.com/science/article/pii/S0167739X10002098",
author = "Waheed Iqbal and Matthew N. Dailey and David Carrera and Paul Janecek",
keywords = "Cloud computing",
keywords = "Adaptive resource management",
keywords = "Quality of service",
keywords = "Multi-tier applications",
keywords = "Service-Level Agreement",
keywords = "Scalability "
}

@INPROCEEDINGS{Ali-Eldin,
author={Ali-Eldin, A. and Tordsson, J. and Elmroth, E.},
booktitle={Network Operations and Management Symposium (NOMS), 2012 IEEE},
title={An adaptive hybrid elasticity controller for cloud infrastructures},
year={2012},
pages={204-212},
keywords={adaptive control;cloud computing;queueing theory;resource allocation;virtual machines;FIFA world-cup Web servers;SLA;adaptive hybrid elasticity controller;adaptive proactive controllers;cloud elasticity;cloud infrastructures;cloud service;future load estimation;horizontal elasticity;queuing theory;reactive elasticity controller;resource allocation;service level agreement;virtual machines;Adaptation models;Control systems;Elasticity;Engines;Estimation;Load modeling;Servers},
doi={10.1109/NOMS.2012.6211900},
ISSN={1542-1201},}

@electronic{akamai,
  author = {Akamai},
  title = {{Akamai CDN}},
  year = "2014",
  url = {http://www.akamai.com},
}

@article{model:queueKatabi,
 author = {Katabi, Dina and Handley, Mark and Rohrs, Charlie},
 title = {Congestion Control for High Bandwidth-delay Product Networks},
 journal = {SIGCOMM Comput. Commun. Rev.},
 issue_date = {October 2002},
 volume = {32},
 number = {4},
 month = aug,
 year = {2002},
 issn = {0146-4833},
 pages = {89--102},
 numpages = {14},
 url = {http://doi.acm.org/10.1145/964725.633035},
 doi = {10.1145/964725.633035},
 acmid = {633035},
 publisher = {ACM},
 address = {New York, NY, USA},
 keywords = {congestion control, high-speed networks, large bandwidth-delay product},
}

@article{model:clevenot,
 author = {Cl{\'e}venot, Florence and Nain, Philippe and Ross, Keith W.},
 title = {Stochastic Fluid Models for Cache Clusters},
 journal = {Perform. Eval.},
 issue_date = {January 2005},
 volume = {59},
 number = {1},
 month = jan,
 year = {2005},
 issn = {0166-5316},
 pages = {1--18},
 numpages = {18},
 url = {http://dx.doi.org/10.1016/j.peva.2004.05.006},
 doi = {10.1016/j.peva.2004.05.006},
 acmid = {1066520},
 publisher = {Elsevier Science Publishers B. V.},
 address = {Amsterdam, The Netherlands, The Netherlands},
 keywords = {fluid models, palm calculus, stochastic processes, web caching},
}

@book{shiryaev1995probability,
  title={Probability},
  author={Shiryaev, A. and Wilson, S.S.},
  isbn={9780387945491},
  lccn={83014813},
  series={Graduate Texts in Mathematics},
  year={1995},
  publisher={Springer}
}

@article{model:fluidflow3,
 author = {Zhang, Jiheng},
 title = {Fluid Models of Many-server Queues with Abandonment},
 journal = {Queueing Syst. Theory Appl.},
 issue_date = {February  2013},
 volume = {73},
 number = {2},
 month = feb,
 year = {2013},
 issn = {0257-0130},
 pages = {147--193},
 numpages = {47},
 url = {http://dx.doi.org/10.1007/s11134-012-9307-9},
 doi = {10.1007/s11134-012-9307-9},
 acmid = {2425163},
 publisher = {J. C. Baltzer AG, Science Publishers},
 address = {Red Bank, NJ, USA},
 keywords = {60K25, 68M07, 68M20, 90B22, Abandonment, Efficiency driven, Many-server queue, Measure valued process, Quality and efficiency driven, Quality driven},
} 

@article{model:fluidflow4,
year={2008},
issn={0254-5330},
journal={Annals of Operations Research},
volume={160},
number={1},
doi={10.1007/s10479-007-0297-7},
title={Second order fluid models with general boundary behaviour},
url={http://dx.doi.org/10.1007/s10479-007-0297-7},
publisher={Springer US},
keywords={Second order fluid models; Matrix exponent; Stationary distribution; Numerical analysis},
author={Gribaudo, M. and Manini, D. and Sericola, B. and Telek, M.},
pages={69-82},
language={English}
}

@INPROCEEDINGS{bsolomon:identification, 
author={Solomon, B. and Ionescu, D. and Litoiu, M. and Iszlai, G. and Prostean, O.}, 
booktitle={Computational Intelligence for Measurement Systems and Applications (CIMSA), 2010 IEEE International Conference on}, 
title={Measurements and identification of Autonomic Computing processes}, 
year={2010}, 
month={Sept}, 
pages={72-77}, 
keywords={Kalman filters;fault tolerant computing;middleware;parameter estimation;recursive estimation;IT infrastructure;autonomic computing paradigm;autonomic computing process;computational resources self-optimization;extended Kalman filter;mathematical characterization;middleware;pseudo random arrival rates;recursive parameter estimation technique;Computational modeling;Equations;Instruction sets;Load modeling;Mathematical model;Servers;Time factors}, 
doi={10.1109/CIMSA.2010.5611771},}

@INPROCEEDINGS{selforg:survey, 
author={A. A. S. Farrag and S. A. Mahmoud and E. S. M. El-Horbaty}, 
booktitle={2015 IEEE Seventh International Conference on Intelligent Computing and Information Systems (ICICIS)}, 
title={Intelligent cloud algorithms for load balancing problems: A survey}, 
year={2015}, 
pages={210-216}, 
keywords={cloud computing;evolutionary computation;resource allocation;ABC;ACO;ALO intelligent technique;GA;PSO;ant colony optimization;ant lion optimizer;artificial bee colony;cloud computing services;genetic algorithm;intelligent cloud algorithm;intelligent optimization methodologies;load balancing;makespan scheduling;mobile application;online applications;particle swarm optimization;resource utilization;Dynamic scheduling;Mathematical model;Quality of service;Ant Lion Optimizer;Cloud computing;Load balancing;Swarm intelligence}, 
doi={10.1109/IntelCIS.2015.7397223}, 
month={Dec},}

@INPROCEEDINGS{selforg:pso, 
author={S. Bhardwaj and B. Sahoo}, 
booktitle={Computing, Communication Automation (ICCCA), 2015 International Conference on}, 
title={A Particle Swarm Optimization approach for cost effective SaaS placement on cloud}, 
year={2015}, 
pages={686-690}, 
keywords={cloud computing;particle swarm optimisation;Internet-as-a-service;PSO;cloud computing;cost effective SaaS placement;particle swarm optimization;software-as-a-service;Automation;Cloud computing;Optimization;Particle swarm optimization;Servers;Software as a service}, 
doi={10.1109/CCAA.2015.7148462}, 
month={May},}

@article{selforg:abc,
 author = {Karaboga, Dervis and Gorkemli, Beyza and Ozturk, Celal and Karaboga, Nurhan},
 title = {A Comprehensive Survey: {Artificial Bee Colony (ABC)} Algorithm and Applications},
 journal = {Artif. Intell. Rev.},
 issue_date = {June      2014},
 volume = {42},
 number = {1},
 month = jun,
 year = {2014},
 issn = {0269-2821},
 pages = {21--57},
 numpages = {37},
 acmid = {2629886},
 publisher = {Kluwer Academic Publishers},
 address = {Norwell, MA, USA},
 keywords = {Artificial bee colony algorithm, Bee swarm intelligence, Swarm intelligence},
} 

@ARTICLE{selforg:aco, 
author={Kwang Mong Sim and Weng Hong Sun}, 
journal={IEEE Transactions on Systems, Man, and Cybernetics - Part A: Systems and Humans}, 
title={Ant colony optimization for routing and load-balancing: survey and new directions}, 
year={2003}, 
volume={33}, 
number={5}, 
pages={560-572}, 
keywords={mobile agents;optimisation;problem solving;resource allocation;telecommunication network routing;ASGA;AntNet;SynthECA;adaptivity;aging;ant colony optimization;collective intelligence;computer networking;evaporation;load-balancing;mobile agent;multiple ant colony optimization;pheromone limiting;pheromone smoothing;pheromone-heuristic control;privileged pheromone laying;problem-solving paradigm;routing algorithms;routing information;routing overhead;shortest path;stagnation mitigation;swarm intelligence;Aging;Ant colony optimization;Computer networks;Intelligent networks;Mobile agents;Particle swarm optimization;Problem-solving;Routing;Sun;Telecommunication control}, 
doi={10.1109/TSMCA.2003.817391}, 
ISSN={1083-4427}, 
month={Sept},}

@article{selforg:antreloc,
title = "Consensus decision making in the ant Myrmecina nipponica: house-hunters combine pheromone trails with quorum responses ",
journal = "Animal Behaviour ",
volume = "84",
number = "5",
pages = "1243 - 1251",
year = "2012",
note = "",
issn = "0003-3472",
author = "Adam L. Cronin",
keywords = "fission",
keywords = "Formicidae",
keywords = "house hunting",
keywords = "Myrmecina nipponica",
keywords = "navigation",
keywords = "quorum sensing",
keywords = "social insect",
keywords = "swarm intelligence "
}

@electronic{cloud:docker,
  author = {Docker},
  title = {{Docker - Build, Ship, and Run Any App, Anywhere}},
  organization = {Docker},
  year = {2016},
  url = {https://www.docker.com/}
}